@misc{henretty_data_2019, 
    title={Dataset:House price to workplace-based earnings ratio}, 
    url={https://www.ons.gov.uk/peoplepopulationandcommunity/housing/datasets/ratioofhousepricetoworkplacebasedearningslowerquartileandmedian}, 
    journal={Office for National Statistics}, 
    author={Henretty, Nigel}, 
    year={2019}, 
    month={Mar}
}

@misc{henretty_2019, 
    title={Housing affordability in England and Wales: 2018}, 
    url={https://www.ons.gov.uk/peoplepopulationandcommunity/housing/bulletins/housingaffordabilityinenglandandwales/2018}, 
    journal={Office for National Statistics}, 
    author={Henretty, Nigel}, 
    year={2019}, 
    month={Mar}
}

@book{TufteEdwardR.1942-2001Tvdo,
    isbn = {0961392142},
    year = {2001},
    title = {The visual display of quantitative information},
    edition = {2nd ed.},
    language = {eng},
    address = {Cheshire, Conn.},
    author = {Tufte, Edward R.},
    keywords = {Statistics -- Graphic methods},
    lccn = {2001271866},
}

@book{BertinJacques,
    isbn = {0299090604},
    year = {1983},
    title = {Semiology of graphics},
    language = {eng},
    address = {Madison, Wis: University of Wisconsin Press},
    author = {Bertin, Jacques},
    keywords = {Graphic methods; Statistics -- Graphic methods; Maps, Statistical},
    lccn = {lc83047755},
}

@article{MackinlayJock1986Atdo,
    issn = {1557-7368},
    journal = {ACM Transactions on Graphics (TOG)},
    pages = {110--141},
    volume = {5},
    publisher = {ACM},
    number = {2},
    year = {1986},
    title = {Automating the design of graphical presentations of relational information},
    language = {eng},
    author = {Mackinlay, Jock},
    keywords = {Engineering},
}

@book{Fry,
    author = {Fry, Ben},
    title = {Visualizing Data},
    publisher = {O'Reilly Media},
    year = {2008},
    isbn = {978-0-596-51455-6},
    edition = {1st},
} 





