@misc{henretty_data_2019, title={Dataset:House price to workplace-based earnings ratio}, url={https://www.ons.gov.uk/peoplepopulationandcommunity/housing/datasets/ratioofhousepricetoworkplacebasedearningslowerquartileandmedian}, journal={Office for National Statistics}, author={Henretty, Nigel}, year={2019}, month={Mar}}

@misc{henretty_2019, title={Housing affordability in England and Wales: 2018}, url={https://www.ons.gov.uk/peoplepopulationandcommunity/housing/bulletins/housingaffordabilityinenglandandwales/2018}, journal={Office for National Statistics}, author={Henretty, Nigel}, year={2019}, month={Mar}}
